<?xml version="1.0" encoding="UTF-8"?><record xmlns="http://www.loc.gov/MARC21/slim" xmlns:cinclude="http://apache.org/cocoon/include/1.0" xmlns:zs="http://www.loc.gov/zing/srw/">
  <leader>00511cz  a2200145n  4500</leader>
  <controlfield tag="001">nr 94037395 </controlfield>
  <controlfield tag="003">DLC</controlfield>
  <controlfield tag="005">19970610053150.2</controlfield>
  <controlfield tag="008">941107n| acannaab|          |n aaa     c</controlfield>
  <datafield tag="010" ind1=" " ind2=" ">
    <subfield code="a">nr 94037395 </subfield>
  </datafield>
  <datafield tag="035" ind1=" " ind2=" ">
    <subfield code="a">(Uk)sb054707</subfield>
  </datafield>
  <datafield tag="040" ind1=" " ind2=" ">
    <subfield code="a">Uk/ESTC-NA</subfield>
    <subfield code="c">ESTC-NA</subfield>
    <subfield code="d">ESTC-NA</subfield>
  </datafield>
  <datafield tag="100" ind1="1" ind2="0">
    <subfield code="a">Hovaeus, Robertus</subfield>
  </datafield>
  <datafield tag="667" ind1=" " ind2=" ">
    <subfield code="a">Data provided by the ESTC/BL</subfield>
  </datafield>
  <datafield tag="670" ind1=" " ind2=" ">
    <subfield code="a">Johnston, G. De cruenta morte Archibaldi Hunteri Edinburgensis Scoti. musus martique militantis querela Ioh. Ionstoni ad Robertum Houaeum frat. et pop. suum, 1590.</subfield>
  </datafield>
</record>